% QUESTION 1.a %%%%%%%%%%%%%%%%%%%%%%%%%%%%%%%%%%%%%%%%%%%%%%%%%%%%%%%%%%%%%%%%%%%%%%%%%%%%%%%%%%%%%%%%%%%%%%%%%%%%%%%%%%%%%%%%

@incollection{bui_morioka2010,
year={2010},
isbn={978-1-4419-0384-6},
booktitle={Medical Imaging Informatics},
editor={Bui, Alex A.T. and Taira, Ricky K.},
doi={10.1007/978-1-4419-0385-3_3},
title={Information Systems \& Architectures},
url={http://dx.doi.org/10.1007/978-1-4419-0385-3_3},
publisher={Springer US},
author={Bui, Alex A.T. and Morioka, Craig},
pages={93-137},
language={English}
}

@article{jha2009,
  title={Use of electronic health records in US hospitals},
  author={Jha, Ashish K and DesRoches, Catherine M and Campbell, Eric G and Donelan, Karen and Rao, Sowmya R and Ferris, Timothy G and Shields, Alexandra and Rosenbaum, Sara and Blumenthal, David},
  journal={New England Journal of Medicine},
  volume={360},
  number={16},
  pages={1628--1638},
  year={2009},
  publisher={Mass Medical Soc}
}

@article{kawamoto2007,
  title={Proposal for fulfilling strategic objectives of the US roadmap for national action on decision support through a service-oriented architecture leveraging HL7 services},
  author={Kawamoto, Kensaku and Lobach, David F},
  journal={Journal of the American Medical Informatics Association},
  volume={14},
  number={2},
  pages={146--155},
  year={2007},
  publisher={Elsevier}
}

@article{linder2007,
  title={Electronic health record use and the quality of ambulatory care in the United States},
  author={Linder, Jeffrey A and Ma, Jun and Bates, David W and Middleton, Blackford and Stafford, Randall S},
  journal={Archives of Internal Medicine},
  volume={167},
  number={13},
  pages={1400--1405},
  year={2007},
  publisher={American Medical Association}
}

@article{shortliffe1998,
  title={Health care and the next generation Internet},
  author={Shortliffe, Edward H},
  journal={Annals of internal medicine},
  volume={129},
  number={2},
  pages={138--140},
  year={1998},
  publisher={Am Coll Physicians}
}

@article{stead2005,
  title={Achievable steps toward building a National Health Information infrastructure in the United States},
  author={Stead, William W and Kelly, Brian J and Kolodner, Robert M},
  journal={Journal of the American Medical Informatics Association},
  volume={12},
  number={2},
  pages={113--120},
  year={2005},
  publisher={BMJ Publishing Group Ltd}
}

@inproceedings{wiederhold1993,
  title={Intelligent integration of information},
  author={Wiederhold, Gio},
  booktitle={ACM SIGMOD Record},
  volume={22},
  number={2},
  pages={434--437},
  year={1993},
  organization={ACM}
}


@article{wu2006,
  title={Systematic review: impact of health information technology on quality, efficiency, and costs of medical care},
  author={Wu, Shinyi and Chaudhry, Basit and Wang, Jerome and Maglione, Margaret and Mojica, Walter and Roth, Elizabeth and Morton, Sally C and Shekelle, Paul G},
  journal={Annals of internal medicine},
  volume={144},
  number={10},
  pages={742--752},
  year={2006}
}
%%%%%%%%%%%%%%%%%%%%%%%%%%%%%%%%%%%%%%%%%%%%%%%%%%%%%%%%%%%%%%%%%%%%%%%%%%%%%%%%%%%%%%%%%%%%%%%%%%%%%%%%%%%%%%%%%%%%%%%%%%%&&&&


% QUESTION 1.b %%%%%%%%%%%%%%%%%%%%%%%%%%%%%%%%%%%%%%%%%%%%%%%%%%%%%%%%%%%%%%%%%%%%%%%%%%%%%%%%%%%%%%%%%%%%%%%%%%%%%%%%%%%%%%%%

@inproceedings{wiederhold1993,
  title={Intelligent integration of information},
  author={Wiederhold, Gio},
  booktitle={ACM SIGMOD Record},
  volume={22},
  number={2},
  pages={434--437},
  year={1993},
  organization={ACM}
}
%%%%%%%%%%%%%%%%%%%%%%%%%%%%%%%%%%%%%%%%%%%%%%%%%%%%%%%%%%%%%%%%%%%%%%%%%%%%%%%%%%%%%%%%%%%%%%%%%%%%%%%%%%%%%%%%%%%%%%%%%%%&&&&



% QUESTION 2.a %%%%%%%%%%%%%%%%%%%%%%%%%%%%%%%%%%%%%%%%%%%%%%%%%%%%%%%%%%%%%%%%%%%%%%%%%%%%%%%%%%%%%%%%%%%%%%%%%%%%%%%%%%%%%%%%

@misc{bui2013,
  author = {Alex Bui},
  institution = {Univeristy of California, Los Angeles},
  howpublished = {Lecture, M227: Medical Information Infrastructures \& Internet Technologies},
  year = {2013},
  title = {``{P}2{P}: Introduction''},
}

@book{bui_taira2010,
  title={Medical imaging informatics},
  author={Bui, Alex AT and Taira, Ricky K},
  year={2010},
  publisher={Springer}
}


@inproceedings{clarke2001,
  title={Freenet: A distributed anonymous information storage and retrieval system},
  author={Clarke, Ian and Sandberg, Oskar and Wiley, Brandon and Hong, Theodore W},
  booktitle={Designing Privacy Enhancing Technologies},
  pages={46--66},
  year={2001},
  organization={Springer}
}


@inproceedings{stoica2001,
  title={Chord: A scalable peer-to-peer lookup service for internet applications},
  author={Stoica, Ion and Morris, Robert and Karger, David and Kaashoek, M Frans and Balakrishnan, Hari},
  booktitle={ACM SIGCOMM Computer Communication Review},
  volume={31},
  number={4},
  pages={149--160},
  year={2001},
  organization={ACM}
}

@incollection{ratnasamy2002,
  title={Routing algorithms for DHTs: Some open questions},
  author={Ratnasamy, Sylvia and Stoica, Ion and Shenker, Scott},
  booktitle={Peer-to-Peer Systems},
  pages={45--52},
  year={2002},
  publisher={Springer}
}


% QUESTION 2.a %%%%%%%%%%%%%%%%%%%%%%%%%%%%%%%%%%%%%%%%%%%%%%%%%%%%%%%%%%%%%%%%%%%%%%%%%%%%%%%%%%%%%%%%%%%%%%%%%%%%%%%%%%%%%%%%
@article{anderson2012,
  title={Implementation of a deidentified federated data network for population-based cohort discovery},
  author={Anderson, Nicholas and Abend, Aaron and Mandel, Aaron and Geraghty, Estella and Gabriel, Davera and Wynden, Rob and Kamerick, Michael and Anderson, Kent and Rainwater, Julie and Tarczy-Hornoch, Peter},
  journal={Journal of the American Medical Informatics Association},
  volume={19},
  number={e1},
  pages={e60--e67},
  year={2012},
  publisher={BMJ Publishing Group Ltd}
}


% QUESTION 2.b %%%%%%%%%%%%%%%%%%%%%%%%%%%%%%%%%%%%%%%%%%%%%%%%%%%%%%%%%%%%%%%%%%%%%%%%%%%%%%%%%%%%%%%%%%%%%%%%%%%%%%%%%%%%%%%%
@article{decker2000,
  title={The semantic web: The roles of XML and RDF},
  author={Decker, Stefan and Melnik, Sergey and Van Harmelen, Frank and Fensel, Dieter and Klein, Michel and Broekstra, Jeen and Erdmann, Michael and Horrocks, Ian},
  journal={Internet Computing, IEEE},
  volume={4},
  number={5},
  pages={63--73},
  year={2000},
  publisher={IEEE}
}


@article{foster1999,
  title={The Globus project: A status report},
  author={Foster, Ian and Kesselman, Carl},
  journal={Future Generation Computer Systems},
  volume={15},
  number={5},
  pages={607--621},
  year={1999},
  publisher={Elsevier}
}


@article{mcmurry2007,
  title={A self-scaling, distributed information architecture for public health, research, and clinical care},
  author={McMurry, Andrew J and Gilbert, Clint A and Reis, Ben Y and Chueh, Henry C and Kohane, Isaac S and Mandl, Kenneth D},
  journal={Journal of the American Medical Informatics Association},
  volume={14},
  number={4},
  pages={527--533},
  year={2007},
  publisher={BMJ Publishing Group Ltd}
}


@article{oster2008,
  title={caGrid 1.0: an enterprise Grid infrastructure for biomedical research},
  author={Oster, Scott and Langella, Stephen and Hastings, Shannon and Ervin, David and Madduri, Ravi and Phillips, Joshua and Kurc, Tahsin and Siebenlist, Frank and Covitz, Peter and Shanbhag, Krishnakant and others},
  journal={Journal of the American Medical Informatics Association},
  volume={15},
  number={2},
  pages={138--149},
  year={2008},
  publisher={BMJ Publishing Group Ltd}
}

@article{weber2009,
  title={The Shared Health Research Information Network (SHRINE): a prototype federated query tool for clinical data repositories},
  author={Weber, Griffin M and Murphy, Shawn N and McMurry, Andrew J and MacFadden, Douglas and Nigrin, Daniel J and Churchill, Susanne and Kohane, Isaac S},
  journal={Journal of the American Medical Informatics Association},
  volume={16},
  number={5},
  pages={624--630},
  year={2009},
  publisher={BMJ Publishing Group Ltd}
}



% QUESTION 4.a %%%%%%%%%%%%%%%%%%%%%%%%%%%%%%%%%%%%%%%%%%%%%%%%%%%%%%%%%%%%%%%%%%%%%%%%%%%%%%%%%%%%%%%%%%%%%%%%%%%%%%%%%%%%%%%%
@article{barrows1996,
  title={Privacy, confidentiality, and electronic medical records},
  author={Barrows, Randolph C and Clayton, Paul D},
  journal={Journal of the American Medical Informatics Association},
  volume={3},
  number={2},
  pages={139--148},
  year={1996},
  publisher={BMJ Publishing Group Ltd}
}


@article{blobel2009,
  title={Analysis and evaluation of EHR approaches},
  author={Blobel, Bernd and Pharow, Peter},
  journal={Methods of information in medicine},
  volume={48},
  number={2},
  pages={162},
  year={2009}
}

@article{dolin2006,
  title={HL7 clinical document architecture, release 2},
  author={Dolin, Robert H and Alschuler, Liora and Boyer, Sandy and Beebe, Calvin and Behlen, Fred M and Biron, Paul V and Shvo, Amnon Shabo},
  journal={Journal of the American Medical Informatics Association},
  volume={13},
  number={1},
  pages={30--39},
  year={2006},
  publisher={BMJ Publishing Group Ltd}
}


@incollection{foster2003,
  title={On death, taxes, and the convergence of peer-to-peer and grid computing},
  author={Foster, Ian and Iamnitchi, Adriana},
  booktitle={Peer-to-Peer Systems II},
  pages={118--128},
  year={2003},
  publisher={Springer}
}

@article{huston2001,
  title={Security issues for implementation of e-medical records},
  author={Huston, Terry},
  journal={Communications of the ACM},
  volume={44},
  number={9},
  pages={89--94},
  year={2001},
  publisher={ACM}
}

@article{murphy2011,
  title={Strategies for maintaining patient privacy in i2b2},
  author={Murphy, Shawn N and Gainer, Vivian and Mendis, Michael and Churchill, Susanne and Kohane, Isaac},
  journal={Journal of the American Medical Informatics Association},
  volume={18},
  number={Suppl 1},
  pages={i103--i108},
  year={2011},
  publisher={BMJ Publishing Group Ltd}
}


