@book{alpaydin2010,
  title={Introduction to machine learning},
  author={Alpaydin, Ethem},
  year={2010},
  publisher={MIT press}
}

@article{angluin1987,
  title={Learning regular sets from queries and counterexamples},
  author={Angluin, Dana},
  journal={Information and computation},
  volume={75},
  number={2},
  pages={87--106},
  year={1987},
  publisher={Elsevier}
}


@article{bradley1997,
  title={The use of the area under the ROC curve in the evaluation of machine learning algorithms},
  author={Bradley, Andrew P},
  journal={Pattern recognition},
  volume={30},
  number={7},
  pages={1145--1159},
  year={1997},
  publisher={Elsevier}
}

@inproceedings{brown2012,
  title={Dis-function: Learning distance functions interactively},
  author={Brown, Eli T and Liu, Jingjing and Brodley, Carla E and Chang, Remco},
  booktitle={Visual Analytics Science and Technology (VAST), 2012 IEEE Conference on},
  pages={83--92},
  year={2012},
  organization={IEEE}
}


@inproceedings{caruana2006,
  title={An empirical comparison of supervised learning algorithms},
  author={Caruana, Rich and Niculescu-Mizil, Alexandru},
  booktitle={Proceedings of the 23rd international conference on Machine learning},
  pages={161--168},
  year={2006},
  organization={ACM}
}



@article{cohen2006,
  title={Learning from imbalanced data in surveillance of nosocomial infection},
  author={Cohen, Gilles and Hilario, M{\'e}lanie and Sax, Hugo and Hugonnet, St{\'e}phane and Geissbuhler, Antoine},
  journal={Artificial Intelligence in Medicine},
  volume={37},
  number={1},
  pages={7--18},
  year={2006},
  publisher={Elsevier}
}


@article{counsell1997,
  title={Formulating questions and locating primary studies for inclusion in systematic reviews},
  author={Counsell, Carl},
  journal={Annals of Internal Medicine},
  volume={127},
  number={5},
  pages={380--387},
  year={1997},
  publisher={Am Coll Physicians}
}


@inproceedings{guo2008,
  title={On the class imbalance problem},
  author={Guo, Xinjian and Yin, Yilong and Dong, Cailing and Yang, Gongping and Zhou, Guangtong},
  booktitle={Natural Computation, 2008. ICNC'08. Fourth International Conference on},
  volume={4},
  pages={192--201},
  year={2008},
  organization={IEEE}
}

@article{he2009,
  title={Learning from imbalanced data},
  author={He, Haibo and Garcia, Edwardo A},
  journal={Knowledge and Data Engineering, IEEE Transactions on},
  volume={21},
  number={9},
  pages={1263--1284},
  year={2009},
  publisher={IEEE}
}

@article{japkowicz2002,
  title={The class imbalance problem: A systematic study},
  author={Japkowicz, Nathalie and Stephen, Shaju},
  journal={Intelligent data analysis},
  volume={6},
  number={5},
  pages={429--449},
  year={2002},
  publisher={IOS Press}
}

@inproceedings{japkowicz2000,
  title={Learning from imbalanced data sets: a comparison of various strategies},
  author={Japkowicz, Nathalie and others},
  booktitle={AAAI workshop on learning from imbalanced data sets},
  volume={68},
  year={2000}
}


@article{kassirer1995,
  title={The next transformation in the delivery of health care.},
  author={Kassirer, Jerome P},
  journal={The New England journal of medicine},
  volume={332},
  number={1},
  pages={52},
  year={1995}
}

@inproceedings{liu2011,
  title={Find distance function, hide model inference},
  author={Liu, Jingjing and Brown, Eli T and Chang, Remco},
  booktitle={Visual Analytics Science and Technology (VAST), 2011 IEEE Conference on},
  pages={289--290},
  year={2011},
  organization={IEEE}
}


@misc{miliard2013,
  title = {Docs blame EHRs for lost productivity},
  howpublished = {\url{http://www.healthcareitnews.com/news/docs-blame-ehrs-lost-productivity}},
  note = {Accessed: 2013-12-03}
}


@inproceedings{prather1997,
  title={Medical data mining: knowledge discovery in a clinical data warehouse.},
  author={Prather, Jonathan C and Lobach, David F and Goodwin, Linda K and Hales, Joseph W and Hage, Marvin L and Hammond, W Edward},
  booktitle={Proceedings of the AMIA Annual Fall Symposium},
  pages={101},
  year={1997},
  organization={American Medical Informatics Association}
}

@techreport{settles2009,
Author = {Burr Settles},
Institution = {University of Wisconsin--Madison},
Number = {1648},
Title = {Active Learning Literature Survey},
Type = {Computer Sciences Technical Report},
Year = {2009},
}


@inproceedings{wallace2010,
  title={Modeling annotation time to reduce workload in comparative effectiveness reviews},
  author={Wallace, Byron C and Small, Kevin and Brodley, Carla E and Lau, Joseph and Trikalinos, Thomas A},
  booktitle={Proceedings of the 1st ACM International Health Informatics Symposium},
  pages={28--35},
  year={2010},
  organization={ACM}
}

@inproceedings{wallace2011,
  title={Who Should Label What? Instance Allocation in Multiple Expert Active Learning.},
  author={Wallace, Byron C and Small, Kevin and Brodley, Carla E and Trikalinos, Thomas A},
  booktitle={SDM},
  pages={176--187},
  year={2011}
}

@phdthesis{wallace2012,
  title={Machine learning in health informatics: making better use of domain experts},
  author={Wallace, Byron C and Brodley (Adviser), Carla E},
  year={2012},
  school={Tufts University}
}


@book{wolpert1995,
	title={The Mathematics of Generalization},
	author={D. H. Wolpert},
	year={1995},
	pages={117--214},
	publisher={Addison-Wesley}

