@article{altschul2013,
annote = {As all scientific reserach become increasingly computational, researchers attempt to develop software tools without an understanding of software engineering principles.},
author = {Altschul, Stephen and Demchak, Barry and Durbin, Richard and Gentleman, Robert and Krzywinski, Martin and Li, Heng and Nekrutenko, Anton and Robinson, James and Rasband, Wayne and Taylor, James and Trapnell, Cole},
doi = {10.1038/nbt.2721},
file = {:C$\backslash$:/Users/matiasz/Documents/Mendeley Desktop/2013\_altschul\_naturebiotech.pdf:pdf},
issn = {1087-0156},
journal = {Nature Biotechnology},
keywords = {software development},
mendeley-groups = {research,theory/software development,coursework/m227\_med\_info\_infrastruct/2013\_10\_31\_project\_1},
mendeley-tags = {software development},
month = oct,
number = {10},
pages = {894--897},
publisher = {Nature Publishing Group},
title = {{The anatomy of successful computational biology software}},
url = {http://www.nature.com/doifinder/10.1038/nbt.2721},
volume = {31},
year = {2013}
}

@inproceedings{clifton2012,
  title={Machine learning and software engineering in health informatics},
  author={Clifton, David A and Gibbons, Jeremy and Davies, Jim and Tarassenko, Lionel},
  booktitle={Realizing Artificial Intelligence Synergies in Software Engineering (RAISE), 2012 First International Workshop on},
  pages={37--41},
  year={2012},
  organization={IEEE}
}


@article{cockburn2001,
  title={Agile software development, the people factor},
  author={Cockburn, Alistair and Highsmith, Jim},
  journal={Computer},
  volume={34},
  number={11},
  pages={131--133},
  year={2001},
  publisher={IEEE}
}



@article {coiera2011,
	title = {Why system inertia makes health reform so difficult},
	journal = {BMJ},
	volume = {342},
	year = {2011},
	month = {6},
	doi = {10.1136/bmj.d3693},
	author = {Enrico Coiera}
}

@article{cunningham2012,
  title={Clinical software development for the Web: lessons learned from the BOADICEA project},
  author={Cunningham, Alex P and Antoniou, Antonis C and Easton, Douglas F},
  journal={BMC medical informatics and decision making},
  volume={12},
  number={1},
  pages={30},
  year={2012},
  publisher={BioMed Central Ltd}
}

@incollection{huhn2010,
  title={Arguing for software quality in an IEC 62304 compliant development process},
  author={Huhn, Michaela and Zechner, Axel},
  booktitle={Leveraging Applications of Formal Methods, Verification, and Validation},
  pages={296--311},
  year={2010},
  publisher={Springer}
}


@incollection{jetley2013,
  title={Medical Software--Issues and Best Practices},
  author={Jetley, Raoul and Sudarsan, Sithu and Sampath, R and Ramaswamy, Srini},
  booktitle={Distributed Computing and Internet Technology},
  pages={69--91},
  year={2013},
  publisher={Springer}
}

@article{johannessen2009,
  title={Integration and generification---agile software development in the healthcare market},
  author={Johannessen, Liv Karen and Ellingsen, Gunnar},
  journal={Computer Supported Cooperative Work (CSCW)},
  volume={18},
  number={5-6},
  pages={607--634},
  year={2009},
  publisher={Springer}
}


%@online{kosner2013,
%author = {Kosner, Anthony Wing},
%title = {{Obamacare's Website Is Crashing Because Backen Was Doomed In The Requirements Stage}},
%year = {2013},
%url = {http://www.forbes.com/sites/anthonykosner/2013/10/21/obamacares-website-is-crashing-because-backend-was-doomed-in-the-requirements-stage/},
%urldate = {2013-10-21}
%}

%@MISC{kosner2013,
%author = {Kosner, Anthony Wing},
%title = {{Obamacare's Website Is Crashing Because Backen Was Doomed In The Requirements Stage}},
%urldate = {2013-10-21},
%year = {2013},
%howpublished={\url{http://www.forbes.com/sites/anthonykosner/2013/10/21/obamacares-website-is-crashing-because-backend-was-doomed-in-the-requirements-stage/}}
%}

%@misc{kosner2013,
%author = {Kosner, Anthony Wing},
%booktitle = {Forbes},
%title = {{Obamacare's Website Is Crashing Because Backen Was Doomed In The Requirements Stage}},
%url = {http://www.forbes.com/sites/anthonykosner/2013/10/21/obamacares-website-is-crashing-because-backend-was-doomed-in-the-requirements-stage/},
%urldate = {2013-10-21},
%year = {2013}
%}


@MISC{Kosner:2013:Misc,
author = {Kosner, Anthony Wing},
title = {Obamacare's Website Is Crashing Because Backen Was Doomed In The Requirements Stage},
month = oct,
year = {2013},
howpublished={\url{http://www.forbes.com/sites/anthonykosner/2013/10/21/obamacares-website-is-crashing-because-backend-was-doomed-in-the-requirements-stage/}}
}


%@MISC{Kosner:2009:Misc,
%author = {Doe, George},
%title = {This is a test test entry of type {@MISC} and `howpublished'},
%month = jun,
%year = {2009},
%howpublished={\url{http://www.test.org/doe/}}
%}


@inproceedings{kuziemsky2013,
  title={5th international workshop on software engineering in health care (SEHC 2013)},
  author={Kuziemsky, Craig E and Knight, John},
  booktitle={Proceedings of the 2013 International Conference on Software Engineering},
  pages={1549--1550},
  year={2013},
  organization={IEEE Press}
}



@inproceedings{larson2012,
author={Larson, B. and Hatcliff, J. and Procter, S. and Chalin, P.},
booktitle={Software Engineering in Health Care (SEHC), 2012 4th International Workshop on},
title={Requirements specification for apps in medical application platforms},
year={2012},
pages={26-32},
keywords={IEC standards;document handling;embedded systems;formal specification;legislation;medical computing;medical information systems;safety-critical software;IEC 62304;MAP architectures;clinical context;communication infrastructure;constituent components;control integrated devices;conventional embedded safety-critical systems;hosting application programs;information acquisition;information displays;integrating heterogeneous devices;medical IT systems;medical application platforms;medical devices;medical system;medical utility;process standards;pulse oximetry monitoring;regulatory agency guidance documents;regulatory pathway;requirements specification;safety-critical real-time computing platform;security-critical real-time computing platform;smart alarms;stand-alone monolithic systems;system requirements document;traditional development processes;update integrated devices;Blood;Computer architecture;Context;Ice;Medical diagnostic imaging;Monitoring;Standards;biomedical communication;biomedical monitoring;medical information systems;requirements specification},
doi={10.1109/SEHC.2012.6227013},}


@article{lau2010,
  title={A review on systematic reviews of health information system studies},
  author={Lau, Francis and Kuziemsky, Craig and Price, Morgan and Gardner, Jesse},
  journal={Journal of the American Medical Informatics Association},
  volume={17},
  number={6},
  pages={637--645},
  year={2010},
  publisher={BMJ Publishing Group Ltd}
}



@article{nosowsky2006,
  title={The Health Insurance Portability and Accountability Act of 1996 (HIPAA) privacy rule: implications for clinical research},
  author={Nosowsky, Rachel and Giordano, Thomas J},
  journal={Annu. Rev. Med.},
  volume={57},
  pages={575--590},
  year={2006},
  publisher={Annual Reviews}
}

@incollection{porruvecchio2007,
  title={An agile approach for integration of an open source health information system},
  author={Porruvecchio, Guido and Concas, Giulio and Palmas, Daniele and Quaresima, Roberta},
  booktitle={Agile Processes in Software Engineering and Extreme Programming},
  pages={213--218},
  year={2007},
  publisher={Springer}
}


@inproceedings{song2007,
  title={Understanding and classifying requirements for computer-aided healthcare workflows},
  author={Song, Xiping and Hwong, Beatrice and Matos, Gilberto and Rudorfer, Arnold},
  booktitle={Computer Software and Applications Conference, 2007. COMPSAC 2007. 31st Annual International},
  volume={1},
  pages={137--144},
  year={2007},
  organization={IEEE}
}


@inproceedings{weber2013,
  title={Software engineering in health care: Is it really different? And how to gain impact},
  author={Weber-Jahnke, Jens H and Price, Morgan and Williams, James},
  booktitle={Software Engineering in Health Care (SEHC), 2013 5th International Workshop on},
  pages={1--4},
  year={2013},
  organization={IEEE}
}

